@string{apl = {Appl. Phys. Lett.}}
@string{arpc = {Annu. Rev. Phys. Chem.}}
@string{assp = {Adv. Solid State Phys.}}
@string{cise = {Computing in Science and Eng.}}
@string{cpl = {Chem. Phys. Lett.}}
@string{epl = {Europhys. Lett.}}
@string{ijqc = {Int. J. Quant. Chem.}}
@string{jap = {J. Appl. Phys.}}
@string{jce = {J. Comput. Electron.}}
@string{jcg = {J. Cryst. Growth}}
@string{jcp = {J. Chem. Phys.}}
@string{jem = {J. Elec. Mat.}}
@string{jltp = {J. of Low Temp. Phys.}}
@string{jp = {J. Physique}}
@string{jpc = {J. Phys. Chem.}}
@string{jpcb = {J. Phys. Chem. B}}
@string{jpcm = {J. Phys.: Condens. Matter}}
@string{jsp = {J. Stat. Phys.}}
@string{mrs = {MRS Bull.}}
@string{nature = {Nature}}
@string{npa = {Nuc. Phys. A}}
@string{pe = {Physica E}}
@string{pla = {Phys. Lett. A}}
@string{plb = {Phys. Lett. B}}
@string{pnas = {Proc. Nat. Acad. Sci.}}
@string{pr = {Phys. Rev}}
@string{pra = {Phys. Rev. A}}
@string{prb = {Phys. Rev. B}}
@string{prc = {Phys. Rev. C}}
@string{prd = {Phys. Rev. D}}
@string{pre = {Phys. Rev. E}}
@string{prl = {Phys. Rev. Lett.}}
@string{pssa = {Phys. Stat. Sol. (a)}}
@string{pssb = {Phys. Stat. Sol. (b)}}
@string{rmp = {Rev. Mod. Phys.}}
@string{science = {Science}}
@string{sm = {Superlattices and Microstructures}}
@string{ssc = {Solid State Comm.}}
@string{sst = {Semicond. Sci. Technol.}}

@inproceedings{roy2014formal,
  title={A formal approach to finding explanations for database queries},
  author={Roy, Sudeepa and Suciu, Dan},
  booktitle={Proceedings of the 2014 ACM SIGMOD international conference on Management of data},
  pages={1579--1590},
  year={2014},
  organization={ACM}
}

@article{meliou2014causality,
  title={Causality and explanations in databases},
  author={Meliou, Alexandra and Roy, Sudeepa and Suciu, Dan},
  journal={Proceedings of the VLDB Endowment},
  volume={7},
  number={13},
  pages={1715--1716},
  year={2014},
  publisher={VLDB Endowment}
}

@inproceedings{chirigati2016data,
  title={Data polygamy: the many-many relationships among urban spatio-temporal data sets},
  author={Chirigati, Fernando and Doraiswamy, Harish and Damoulas, Theodoros and Freire, Juliana},
  booktitle={Proceedings of the 2016 International Conference on Management of Data},
  pages={1011--1025},
  year={2016},
  organization={ACM}
}

@article{miller2004tobler,
  title={Tobler's first law and spatial analysis},
  author={Miller, Harvey J},
  journal={Annals of the Association of American Geographers},
  volume={94},
  number={2},
  pages={284--289},
  year={2004},
  publisher={Wiley Online Library}
}

@article{taxi2016tlc,
  title={Tlc trip record data},
  author={NYC and Limousine Commission},
  journal={NYC Taxi and Limousine Commission},
  year={2016}
}

@article{jin2015significance,
  title={Significance and challenges of big data research},
  author={Jin, Xiaolong and Wah, Benjamin W and Cheng, Xueqi and Wang, Yuanzhuo},
  journal={Big Data Research},
  volume={2},
  number={2},
  pages={59--64},
  year={2015},
  publisher={Elsevier}
}

@inproceedings{shanahan2015large,
  title={Large scale distributed data science using apache spark},
  author={Shanahan, James G and Dai, Laing},
  booktitle={Proceedings of the 21th ACM SIGKDD international conference on knowledge discovery and data mining},
  pages={2323--2324},
  year={2015},
  organization={ACM}
}

@article{zaharia2016apache,
  title={Apache spark: a unified engine for big data processing},
  author={Zaharia, Matei and Xin, Reynold S and Wendell, Patrick and Das, Tathagata and Armbrust, Michael and Dave, Ankur and Meng, Xiangrui and Rosen, Josh and Venkataraman, Shivaram and Franklin, Michael J and others},
  journal={Communications of the ACM},
  volume={59},
  number={11},
  pages={56--65},
  year={2016},
  publisher={ACM}
}


@article{borthakur2007hadoop,
  title={The hadoop distributed file system: Architecture and design},
  author={Borthakur, Dhruba},
  journal={Hadoop Project Website},
  volume={11},
  number={2007},
  pages={21},
  year={2007}
}

@article{dean2008mapreduce,
  title={MapReduce: simplified data processing on large clusters},
  author={Dean, Jeffrey and Ghemawat, Sanjay},
  journal={Communications of the ACM},
  volume={51},
  number={1},
  pages={107--113},
  year={2008},
  publisher={ACM}
}

@article{meliou2010causality,
  title={Causality in databases},
  author={Meliou, Alexandra and Gatterbauer, Wolfgang and Halpern, Joseph Y and Koch, Christoph and Moore, Katherine F and Suciu, Dan},
  journal={IEEE Data Eng. Bull.},
  volume={33},
  number={EPFL-ARTICLE-165841},
  pages={59--67},
  year={2010}
}

@article{zhang2002discovering,
  title={Discovering causality in large databases},
  author={Zhang, Shichao and Zhang, Chengqi},
  journal={Applied Artificial Intelligence},
  volume={16},
  number={5},
  pages={333--358},
  year={2002},
  publisher={Taylor \& Francis}
}

@inproceedings{agarwal1994fast,
  title={Fast algorithms for mining association rules},
  author={Agarwal, Rakesh and Srikant, Ramakrishnan and others},
  booktitle={Proc. of the 20th VLDB Conference},
  pages={487--499},
  year={1994}
}

@book{tan2006introduction,
  title={Introduction to data mining},
  author={Tan, Pang-Ning and others},
  year={2006},
  publisher={Pearson Education India}
}

@book{dunn1986applied,
  title={Applied statistics: analysis of variance and regression},
  author={Dunn, Olive Jean and Clark, Virginia A},
  year={1986},
  publisher={John Wiley \& Sons, Inc.}
}

@article{cleveland1988locally,
  title={Locally weighted regression: an approach to regression analysis by local fitting},
  author={Cleveland, William S and Devlin, Susan J},
  journal={Journal of the American statistical association},
  volume={83},
  number={403},
  pages={596--610},
  year={1988},
  publisher={Taylor \& Francis Group}
}

@article{dismuke2006ordinary,
  title={Ordinary least squares},
  author={Dismuke, Clara and Lindrooth, Richard},
  journal={Methods and Designs for Outcomes Research},
  volume={93},
  pages={93--104},
  year={2006},
  publisher={ASHP Bethesda}
}

@article{brunsdon1998geographically,
  title={Geographically weighted regression},
  author={Brunsdon, Chris and Fotheringham, Stewart and Charlton, Martin},
  journal={Journal of the Royal Statistical Society: Series D (The Statistician)},
  volume={47},
  number={3},
  pages={431--443},
  year={1998},
  publisher={Wiley Online Library}
}

@article{charlton2009geographically,
  title={Geographically weighted regression},
  author={Charlton, Martin and Fotheringham, Stewart and Brunsdon, Chris},
  journal={White paper. National Centre for Geocomputation. National University of Ireland Maynooth},
  year={2009}
}

@article{ord1995local,
  title={Local spatial autocorrelation statistics: distributional issues and an application},
  author={Ord, J Keith and Getis, Arthur},
  journal={Geographical analysis},
  volume={27},
  number={4},
  pages={286--306},
  year={1995},
  publisher={Wiley Online Library}
}

@article{getis2007reflections,
  title={Reflections on spatial autocorrelation},
  author={Getis, Arthur},
  journal={Regional Science and Urban Economics},
  volume={37},
  number={4},
  pages={491--496},
  year={2007},
  publisher={Elsevier}
}

@article{getis2002comparative,
  title={Comparative spatial filtering in regression analysis},
  author={Getis, Arthur and Griffith, Daniel A},
  journal={Geographical analysis},
  volume={34},
  number={2},
  pages={130--140},
  year={2002},
  publisher={Wiley Online Library}
}

@article{getis1991spatial,
  title={Spatial interaction and spatial autocorrelation: a cross-product approach},
  author={Getis, Arthur},
  journal={Environment and Planning A},
  volume={23},
  number={9},
  pages={1269--1277},
  year={1991},
  publisher={SAGE Publications Sage UK: London, England}
}

@article{getis1996local,
  title={Local spatial statistics: an overview},
  author={Getis, Arthur and Ord, J Keith},
  journal={Spatial analysis: modelling in a GIS environment},
  volume={374},
  pages={261--277},
  year={1996},
  publisher={John Wiley \& Sons: New York, NY, USA}
}

@misc{leafletmarkercluster,
  title = {Marker Clustering plugin for Leaflet},
  author={Dave Leaver},
  year={2017},
  howpublished = {\url{https://github.com/Leaflet/Leaflet.markercluster}},
  note = {Accessed: 2018-03-21}
}

@article{hartigan1979algorithm,
  title={Algorithm AS 136: A k-means clustering algorithm},
  author={Hartigan, John A and Wong, Manchek A},
  journal={Journal of the Royal Statistical Society. Series C (Applied Statistics)},
  volume={28},
  number={1},
  pages={100--108},
  year={1979},
  publisher={JSTOR}
}

@article{aurenhammer2000voronoi,
  title={Voronoi diagrams},
  author={Aurenhammer, Franz and Klein, Rolf},
  journal={Handbook of computational geometry},
  volume={5},
  pages={201--290},
  year={2000}
}

@book{guttman1984r,
  title={R-trees: A dynamic index structure for spatial searching},
  author={Guttman, Antonin},
  volume={14},
  number={2},
  year={1984},
  publisher={ACM}
}

@inproceedings{beckmann1990r,
  title={The R*-tree: an efficient and robust access method for points and rectangles},
  author={Beckmann, Norbert and Kriegel, Hans-Peter and Schneider, Ralf and Seeger, Bernhard},
  booktitle={Acm Sigmod Record},
  volume={19},
  number={2},
  pages={322--331},
  year={1990},
  organization={Acm}
}

@article{brin1998anatomy,
  title={The anatomy of a large-scale hypertextual web search engine},
  author={Brin, Sergey and Page, Lawrence},
  journal={Computer networks and ISDN systems},
  volume={30},
  number={1-7},
  pages={107--117},
  year={1998},
  publisher={Elsevier}
}

@article{robertson2004understanding,
  title={Understanding inverse document frequency: on theoretical arguments for IDF},
  author={Robertson, Stephen},
  journal={Journal of documentation},
  volume={60},
  number={5},
  pages={503--520},
  year={2004},
  publisher={Emerald Group Publishing Limited}
}

@incollection{refaeilzadeh2009cross,
  title={Cross-validation},
  author={Refaeilzadeh, Payam and Tang, Lei and Liu, Huan},
  booktitle={Encyclopedia of database systems},
  pages={532--538},
  year={2009},
  publisher={Springer}
}

@article{maciejewski2009generating,
  title={Generating synthetic syndromic-surveillance data for evaluating visual-analytics techniques},
  author={Maciejewski, Ross and Hafen, Ryan and Rudolph, Stephen and Tebbetts, George and Cleveland, William S and Grannis, Shaun J and Ebert, David S},
  journal={IEEE Computer Graphics and Applications},
  volume={29},
  number={3},
  year={2009},
  publisher={IEEE}
}

@article{powers2011evaluation,
  title={Evaluation: from precision, recall and F-measure to ROC, informedness, markedness and correlation},
  author={Powers, David Martin},
  year={2011},
  publisher={Bioinfo Publications}
}

@inproceedings{yu2015geospark,
  title={Geospark: A cluster computing framework for processing large-scale spatial data},
  author={Yu, Jia and Wu, Jinxuan and Sarwat, Mohamed},
  booktitle={Proceedings of the 23rd SIGSPATIAL International Conference on Advances in Geographic Information Systems},
  pages={70},
  year={2015},
  organization={ACM}
}
@misc{reactjs,
  author = {Facebook},
  title = {React - A Javascript library for building user interfaces},
  year = {2018},
  howpublished = {https://reactjs.org/},
  note = {Accessed: 2018-03-28}
}

@misc{mapbox,
  author = {Mapbox},
  title = {Mapbox},
  year = {2018},
  howpublished = {https://www.mapbox.com/},
  note = {Accessed: 2018-03-28}
}

@misc{deckgl,
  author = {Uber},
  title = {deck.gl},
  year = {2018},
  howpublished = {https://uber.github.io/deck.gl/},
  note = {Accessed: 2018-03-28}
}

@misc{echarts,
  author = {Baidu},
  title = {eCharts},
  year = {2018},
  howpublished = {http://echarts.baidu.com/},
  note = {Accessed: 2018-03-28}
}

@misc{webpack,
  author = {Webpack},
  title = {Webpack},
  year = {2018},
  howpublished = {https://webpack.js.org/},
  note = {Accessed: 2018-03-28}
}

@misc{prestodb,
  author = {Facebook},
  title = {PrestoDB},
  year = {2018},
  howpublished = {https://prestodb.io/},
  note = {Accessed: 2018-03-28}
}

@misc{upsarticle,
  author = {InformationWeek},
  title = {InformationWeek},
  year = {2013},
  howpublished = {https://www.informationweek.com/software/information-management/ups-nets-huge-fuel-savings-with-analytics/d/d-id/1112165},
  note = {Accessed: 2018-04-27}
}

@inproceedings{ten2015high,
  title={High-level why-not explanations using ontologies},
  author={ten Cate, Balder and Civili, Cristina and Sherkhonov, Evgeny and Tan, Wang-Chiew},
  booktitle={Proceedings of the 34th ACM SIGMOD-SIGACT-SIGAI Symposium on Principles of Database Systems},
  pages={31--43},
  year={2015},
  organization={ACM}
}

@article{cheney2009provenance,
  title={Provenance in databases: Why, how, and where},
  author={Cheney, James and Chiticariu, Laura and Tan, Wang-Chiew and others},
  journal={Foundations and Trends{\textregistered} in Databases},
  volume={1},
  number={4},
  pages={379--474},
  year={2009},
  publisher={Now Publishers, Inc.}
}

@article{assuncao1999new,
  title={A new proposal to adjust Moran's I for population density},
  author={Assuncao, Renato M and Reis, Edna A},
  journal={Statistics in medicine},
  volume={18},
  number={16},
  pages={2147--2162},
  year={1999},
  publisher={Wiley Online Library}
}

@article{zhang2008use,
  title={Use of local Moran's I and GIS to identify pollution hotspots of Pb in urban soils of Galway, Ireland},
  author={Zhang, Chaosheng and Luo, Lin and Xu, Weilin and Ledwith, Valerie},
  journal={Science of the total environment},
  volume={398},
  number={1-3},
  pages={212--221},
  year={2008},
  publisher={Elsevier}
}

@book{dunn1986applied,
  title={Applied statistics: analysis of variance and regression},
  author={Dunn, Olive Jean and Clark, Virginia A},
  year={1986},
  publisher={John Wiley \& Sons, Inc.}
}


@inproceedings{su2014supporting,
  title={Supporting correlation analysis on scientific datasets in parallel and distributed settings},
  author={Su, Yu and Agrawal, Gagan and Woodring, Jonathan and Biswas, Ayan and Shen, Han-Wei},
  booktitle={Proceedings of the 23rd international symposium on High-performance parallel and distributed computing},
  pages={191--202},
  year={2014},
  organization={ACM}
}

@book{giovinazzo2000object,
  title={Object-oriented data warehouse design: building a star schema},
  author={Giovinazzo, William A},
  year={2000},
  publisher={Prentice Hall PTR}
}

@book{adamson2010star,
  title={Star schema the complete reference},
  author={Adamson, Christopher},
  year={2010},
  publisher={McGraw Hill Professional}
}

@incollection{beeri1988sophisticate,
  title={A sophisticate's introduction to database normalization theory},
  author={Beeri, Catriel and Bernstein, Philip A and Goodman, Nathan},
  booktitle={Readings in Artificial Intelligence and Databases},
  pages={468--479},
  year={1988},
  publisher={Elsevier}
}

@article{elmasri2011fundamentals,
  title={Fundamentals of Database Systems sixth Edition Pearson Education},
  author={Elmasri, Ramez and Navathe, Shamkant},
  journal={Reproduced with permission of the copyright owner. Further reproduction prohibited without permission},
  year={2011}
}
@inproceedings{kohavi1995study,
  title={A study of cross-validation and bootstrap for accuracy estimation and model selection},
  author={Kohavi, Ron and others},
  booktitle={Ijcai},
  volume={14},
  number={2},
  pages={1137--1145},
  year={1995},
  organization={Montreal, Canada}
}

@incollection{refaeilzadeh2009cross,
  title={Cross-validation},
  author={Refaeilzadeh, Payam and Tang, Lei and Liu, Huan},
  booktitle={Encyclopedia of database systems},
  pages={532--538},
  year={2009},
  publisher={Springer}
}

@article{powers2011evaluation,
  title={Evaluation: from precision, recall and F-measure to ROC, informedness, markedness and correlation},
  author={Powers, David Martin},
  year={2011},
  publisher={Bioinfo Publications}
}

@book{olson2008advanced,
  title={Advanced data mining techniques},
  author={Olson, David L and Delen, Dursun},
  year={2008},
  publisher={Springer Science \& Business Media}
}

@article{yu2018src,
  title={SRC: geospatial visual analytics belongs to database systems: the BABYLON approach},
  author={Yu, Jia},
  journal={SIGSPATIAL Special},
  volume={9},
  number={3},
  pages={2--3},
  year={2018},
  publisher={ACM}
}

@article{tilkov2010node,
  title={Node. js: Using JavaScript to build high-performance network programs},
  author={Tilkov, Stefan and Vinoski, Steve},
  journal={IEEE Internet Computing},
  volume={14},
  number={6},
  pages={80--83},
  year={2010},
  publisher={IEEE}
}

@book{cantelon2017node,
  title={Node. js in Action},
  author={Cantelon, Mike and Harter, Marc and Holowaychuk, TJ and Rajlich, Nathan},
  year={2017},
  publisher={Manning Publications}
}

@article{hunter2007matplotlib,
  title={Matplotlib: A 2D graphics environment},
  author={Hunter, John D},
  journal={Computing in science \& engineering},
  volume={9},
  number={3},
  pages={90--95},
  year={2007},
  publisher={IEEE}
}

@article{grossberg1988nonlinear,
  title={Nonlinear neural networks: Principles, mechanisms, and architectures},
  author={Grossberg, Stephen},
  journal={Neural networks},
  volume={1},
  number={1},
  pages={17--61},
  year={1988},
  publisher={Elsevier}
}

@article{widrow199030,
  title={30 years of adaptive neural networks: perceptron, madaline, and backpropagation},
  author={Widrow, Bernard and Lehr, Michael A},
  journal={Proceedings of the IEEE},
  volume={78},
  number={9},
  pages={1415--1442},
  year={1990},
  publisher={IEEE}
}


@article{chung2016hierarchical,
  title={Hierarchical multiscale recurrent neural networks},
  author={Chung, Junyoung and Ahn, Sungjin and Bengio, Yoshua},
  journal={arXiv preprint arXiv:1609.01704},
  year={2016}
}


@article{hochreiter1997long,
  title={Long short-term memory},
  author={Hochreiter, Sepp and Schmidhuber, J{\"u}rgen},
  journal={Neural computation},
  volume={9},
  number={8},
  pages={1735--1780},
  year={1997},
  publisher={MIT Press}
}
